<?xml version="1.0" encoding="UTF-8"?><collection xmlns="http://www.loc.gov/MARC21/slim"><record><leader>00484nam--2200169-i-4500</leader><controlfield tag="001">000010604</controlfield><controlfield tag="002">20161230</controlfield><controlfield tag="005">20161230201028</controlfield><controlfield tag="008">060222s1000------------r-----000-0-eng-d</controlfield><datafield ind1=" " ind2=" " tag="040"><subfield code="a">IFIN-HH</subfield></datafield><datafield ind1=" " ind2=" " tag="080"><subfield code="a">537.531.8</subfield></datafield><datafield ind1="1" ind2=" " tag="100"><subfield code="a">Wolfe, Gordon Aretes</subfield></datafield><datafield ind1="1" ind2="0" tag="245"><subfield code="a">Anharmonic contribution to the debye-waller factor</subfield><subfield code="c">Gordon aretes wolfe</subfield></datafield><datafield ind1=" " ind2=" " tag="260"><subfield code="a">Ann Arbor, Michigan</subfield><subfield code="b">University Microfilms, Inc</subfield><subfield code="c">1967</subfield></datafield><datafield ind1=" " ind2=" " tag="300"><subfield code="a">138P</subfield></datafield><datafield ind1=" " ind2=" " tag="852"><subfield code="a">32425</subfield><subfield code="c">537.531</subfield></datafield><datafield ind1=" " ind2=" " tag="CAT"><subfield code="a">Sys</subfield><subfield code="c">20110809</subfield><subfield code="h">162610</subfield></datafield></record></collection>